<collection xmlns="http://www.loc.gov/MARC21/slim"><record><leader>00730nam  2200205   450</leader><controlfield tag="001">489</controlfield><controlfield tag="003">http://montalegre.opacnet.com/OPAC/default.aspx?ContentAreaControl=ShowRegHoldings.ascx&amp;RegNo=16662</controlfield><datafield tag="100" ind1=" " ind2=" "><subfield code="a">19850701d1985    m  y0pora0103    ba</subfield></datafield><datafield tag="101" ind1="1" ind2=" "><subfield code="a">por</subfield><subfield code="c">eng</subfield></datafield><datafield tag="102" ind1=" " ind2=" "><subfield code="a">PT</subfield></datafield><datafield tag="200" ind1="1" ind2=" "><subfield code="a">Fiesta</subfield><subfield code="f">Ernest Hemingway</subfield><subfield code="g">trad. Jorge de Sena</subfield></datafield><datafield tag="210" ind1=" " ind2=" "><subfield code="a">[Lisboa]</subfield><subfield code="c">Ulisseia</subfield><subfield code="d">imp. 1985</subfield></datafield><datafield tag="215" ind1=" " ind2=" "><subfield code="a">217, [2] p.</subfield><subfield code="d">22 cm</subfield></datafield><datafield tag="225" ind1="2" ind2=" "><subfield code="a">Clássicos do romance contemporâneo</subfield><subfield code="v">48</subfield></datafield><datafield tag="304" ind1=" " ind2=" "><subfield code="a">Tít. orig.: The sun also rises</subfield></datafield><datafield tag="675" ind1=" " ind2=" "><subfield code="a">821</subfield><subfield code="v">BN</subfield><subfield code="z">por</subfield><subfield code="3">304170</subfield></datafield><datafield tag="700" ind1=" " ind2="1"><subfield code="a">Hemingway</subfield><subfield code="b">Ernest</subfield><subfield code="f">1899-1961</subfield><subfield code="3">56672</subfield></datafield><datafield tag="702" ind1=" " ind2="1"><subfield code="a">Sena</subfield><subfield code="b">Jorge de</subfield><subfield code="f">1919-1978</subfield><subfield code="4">730</subfield><subfield code="3">20905</subfield></datafield><datafield tag="801" ind1=" " ind2="0"><subfield code="a">PT</subfield><subfield code="b">Biblioteca Municipal de Montalegre</subfield><subfield code="g">RPC</subfield></datafield><datafield tag="856" ind1=" " ind2=" "><subfield code="u">locateMedia.asp?cod=20060517151424&amp;ext=jpg</subfield><subfield code="z">CAPA</subfield></datafield><datafield tag="909" ind1="&#9;" ind2=" "><subfield code="a">1</subfield></datafield><datafield tag="966" ind1=" " ind2=" "><subfield code="a">0008776</subfield><subfield code="l">BMM</subfield><subfield code="s">SCG 821 HEM fie 48</subfield></datafield></record></collection>